<?xml version="1.0" encoding="UTF-8"?><collection xmlns="http://www.loc.gov/MARC21/slim"><record><leader>00548nam--2200181-i-4500</leader><controlfield tag="001">000023480</controlfield><controlfield tag="002">20161230</controlfield><controlfield tag="005">20161230201035</controlfield><controlfield tag="008">060222s1000------------r-----000-0-eng-d</controlfield><datafield ind1=" " ind2=" " tag="020"><subfield code="a">0442256825</subfield></datafield><datafield ind1=" " ind2=" " tag="080"><subfield code="a">537.533.35:574</subfield></datafield><datafield ind1="1" ind2=" " tag="100"><subfield code="a">Hayat, M.A</subfield></datafield><datafield ind1="1" ind2="0" tag="245"><subfield code="a">Principles and techniques of scanning electron microscopy</subfield><subfield code="b">Biological applications</subfield><subfield code="c">M.a. hayat (ed.)</subfield></datafield><datafield ind1=" " ind2=" " tag="260"><subfield code="a">New York</subfield><subfield code="b">Van Nostrand Reinhold Company</subfield><subfield code="c">1974</subfield></datafield><datafield ind1=" " ind2=" " tag="300"><subfield code="a">2 VOLUMES</subfield></datafield><datafield ind1=" " ind2=" " tag="787"><subfield code="a">Volume 3</subfield><subfield code="h">Xi + 273 P</subfield></datafield><datafield ind1=" " ind2=" " tag="852"><subfield code="a">42683</subfield><subfield code="c">537.533.35</subfield></datafield><datafield ind1=" " ind2=" " tag="CAT"><subfield code="a">Sys</subfield><subfield code="c">20110912</subfield><subfield code="h">165853</subfield></datafield></record></collection>